@book{barrett1994templates,
  title={Templates for the solution of linear systems: building blocks for iterative methods},
  author={Barrett, Richard and Berry, Michael and Chan, Tony F and Demmel, James and Donato, June and Dongarra, Jack and Eijkhout, Victor and Pozo, Roldan and Romine, Charles and Van der Vorst, Henk},
  year={1994},
  publisher={SIAM}
}


@book{saad2003iterative,
  title={Iterative methods for sparse linear systems},
  author={Saad, Yousef},
  year={2003},
  publisher={SIAM}
}


@article{ipsen1998idea,
  title={The idea behind Krylov methods},
  author={Ipsen, Ilse CF and Meyer, Carl D},
  journal={American Mathematical Monthly},
  pages={889--899},
  year={1998},
  publisher={JSTOR}
}

@misc{shewchuk1994introduction,
  title={An introduction to the conjugate gradient method without the agonizing pain},
  author={Shewchuk, Jonathan Richard and others},
  year={1994},
  publisher={Carnegie-Mellon University. Department of Computer Science}
}

@article{van1992bi,
  title={Bi-CGSTAB: A fast and smoothly converging variant of Bi-CG for the solution of nonsymmetric linear systems},
  author={Van der Vorst, Henk A},
  journal={SIAM Journal on scientific and Statistical Computing},
  volume={13},
  number={2},
  pages={631--644},
  year={1992},
  publisher={SIAM}
}


@article{brandt1977multi,
  title={Multi-level adaptive solutions to boundary-value problems},
  author={Brandt, Achi},
  journal={Mathematics of computation},
  volume={31},
  number={138},
  pages={333--390},
  year={1977}
}

@article{bramble1990parallel,
  title={Parallel multilevel preconditioners},
  author={Bramble, James H and Pasciak, Joseph E and Xu, Jinchao},
  journal={Mathematics of Computation},
  volume={55},
  number={191},
  pages={1--22},
  year={1990}
}

@article{saad1986gmres,
  title={GMRES: A generalized minimal residual algorithm for solving nonsymmetric linear systems},
  author={Saad, Youcef and Schultz, Martin H},
  journal={SIAM Journal on scientific and statistical computing},
  volume={7},
  number={3},
  pages={856--869},
  year={1986},
  publisher={SIAM}
}

 
 @article{PSBLAS,
        author     = {Filippone, S. and Colajanni, M.},
        title      = "{PSBLAS}: a library for parallel linear algebra computations on sparse matrices",
        journal    = ACMTMS,
        volume = {26},
        number = {4},
        month = dec,
        pages      = "527--550",
        year       = 2000
}

@book{briggs2000multigrid,
  title={A multigrid tutorial},
  author={Briggs, William L and Henson, Van Emden and McCormick, Steve F},
  year={2000},
  publisher={SIAM}
}

@article{notay2010aggregation,
  title={An aggregation-based algebraic multigrid method},
  author={Notay, Yvan},
  journal={Electronic transactions on numerical analysis},
  volume={37},
  number={6},
  pages={123--146},
  year={2010}
}

@article{van2001convergence,
  title={Convergence of algebraic multigrid based on smoothed aggregation},
  author={Van, Petr and Brezina, Marian and Mandel, Jan and others},
  journal={Numerische Mathematik},
  volume={88},
  number={3},
  pages={559--579},
  year={2001},
  publisher={Springer}
}


@techreport{bell2008efficient,
  title={Efficient sparse matrix-vector multiplication on CUDA},
  author={Bell, Nathan and Garland, Michael},
  year={2008},
  institution={Nvidia Technical Report NVR-2008-004, Nvidia Corporation}
}

@article{filippone2012object,
  title={Object-oriented techniques for sparse matrix computations in Fortran 2003},
  author={Filippone, Salvatore and Buttari, Alfredo},
  journal={ACM Transactions on Mathematical Software (TOMS)},
  volume={38},
  number={4},
  pages={23},
  year={2012},
  publisher={ACM}
}


@article{naumov2011incomplete,
  title={Incomplete-LU and Cholesky preconditioned iterative methods using CUSPARSE and CUBLAS},
  author={Naumov, Maxim},
  journal={Nvidia white paper},
  year={2011}
}

@article{bertaccini2014approximate,
  title={Approximate inverse preconditioners for Krylov methods on heterogeneous parallel computers},
  author={Bertaccini, Daniele and Filippone, Salvatore},
  journal={Adv. Parallel Comput},
  volume={25},
  pages={183--192},
  year={2014}
}

@article{cardellini2014design,
  title={Design patterns for sparse-matrix computations on hybrid CPU/GPU platforms},
  author={Cardellini, Valeria and Filippone, Salvatore and Rouson, Damian WI},
  journal={Scientific Programming},
  volume={22},
  number={1},
  pages={1--19},
  year={2014},
  publisher={Hindawi Publishing Corporation}
}

@inproceedings{bell2009implementing,
  title={Implementing sparse matrix-vector multiplication on throughput-oriented processors},
  author={Bell, Nathan and Garland, Michael},
  booktitle={Proceedings of the conference on high performance computing networking, storage and analysis},
  pages={18},
  year={2009},
  organization={ACM}
}

@article{monakov2010automatically,
  title={Automatically Tuning Sparse Matrix-Vector Multiplication for GPU Architectures.},
  author={Monakov, Alexander and Lokhmotov, Anton and Avetisyan, Arutyun},
  journal={HiPEAC},
  volume={5952},
  pages={111--125},
  year={2010},
  publisher={Springer}
}

@article{filippone2017sparse,
  title={Sparse Matrix-Vector Multiplication on GPGPUs},
  author={Filippone, Salvatore and Cardellini, Valeria and Barbieri, Davide and Fanfarillo, Alessandro},
  journal={ACM Transactions on Mathematical Software (TOMS)},
  volume={43},
  number={4},
  pages={30},
  year={2017},
  publisher={ACM}
}


