@inproceedings{Luebke06,
 author = {Luebke, David and Harris, Mark and Govindaraju, Naga and Lefohn, Aaron and Houston, Mike and Owens, John and Segal, Mark and Papakipos, Matthew and Buck, Ian},
 title =" {GPGPU}: general-purpose computation on graphics hardware",
 booktitle = {Proc. of 2006 ACM/IEEE Conf. on Supercomputing},
 series = {SC '06},
 year = {2006},
} 

@article{Filippone:2017:SMM:3034774.3017994,
 author = {Filippone, Salvatore and Cardellini, Valeria and Barbieri, Davide and Fanfarillo, Alessandro},
 title = {Sparse Matrix-Vector Multiplication on GPGPUs},
 journal = {ACM Trans. Math. Softw.},
 issue_date = {March 2017},
 volume = {43},
 number = {4},
 month = jan,
 year = {2017},
 issn = {0098-3500},
 pages = {30:1--30:49},
 articleno = {30},
 numpages = {49},
 url = {http://doi.acm.org/10.1145/3017994},
 doi = {10.1145/3017994},
 acmid = {3017994},
 publisher = {ACM},
 address = {New York, NY, USA},
 keywords = {GPU programming, Sparse matrices},
} 